@inproceedings{icde:Diao2002,
author="Diao, Yanlei and Fischer, Peter and Franklin, Michael J. and To, Raymond",
title="Y{F}ilter: Efficient and Scalable Filtering of {XML} Documents",
booktitle="Proc. 18th ICDE",
year="2002",
pages="341--342",
}

@article{new-gen-comp:Kowalski1989,
author="Kowalski, Robert and Sergot, Marek",
title="A Logic-Based Calculus of Events",
journal="New Generation Computing",
volume="4",
number="1",
year="1986",
pages="67--95",
}

@techreport{tech:Hopcroft1971,
author = "Hopcroft, John E.",
title = "An $n \log n$ Algorithm for Minimizing States in a Finite Automaton",
year = "1971",
institution = "Stanford University",
}

@book{book:Aho2006,
title="Compilers: Principles, Techniques, and Tools",
author="Aho, Alfred V. and Lam, Monica S. and Sethi, Ravi and Ullman, Jeffrey D.",
year="2006",
publisher="Addison Wesley",
}


@misc{url:grep,
note="Grep - {GNU} {P}roject - {F}ree {S}oftware {F}oundation: \url{https://www.gnu.org/software/grep/} (accessed: December 17, 2017)",
}