@inbook{book:Codd2002,
  author    = {Codd, E. F.},
  title     = {A Relational Model of Data for Large Shared Data Banks},
  booktitle = {Software Pioneers: Contributions to Software Engineering},
  year      = {2002},
  publisher = {Springer Berlin Heidelberg},
  address   = {Berlin, Heidelberg},
  pages     = {263--294}
}

@inbook{book:Bayer2002:1,
  author    = {Bayer, R.
               and McCreight, E.},
  title     = {Organization and Maintenance of Large Ordered Indexes},
  booktitle = {Software Pioneers: Contributions to Software Engineering},
  year      = {2002},
  publisher = {Springer Berlin Heidelberg},
  address   = {Berlin, Heidelberg},
  pages     = {245--262}
}

@inbook{book:Bayer2002:2,
  author    = {Bayer, Rudolf},
  title     = {{B}-Trees and Databases, Past and Future},
  booktitle = {Software Pioneers: Contributions to Software Engineering},
  year      = {2002},
  publisher = {Springer Berlin Heidelberg},
  address   = {Berlin, Heidelberg},
  pages     = {232--244}
}
